@inproceedings{mti,
  title={The NLM Medical Text Indexer System for Indexing Biomedical Literature.},
  author={Mork, James G and Jimeno-Yepes, Antonio and Aronson, Alan R},
  booktitle={BioASQ@ CLEF},
  year={2013}
}

@misc{pythonabout,
title={General Python FAQ},
note={Web resource at: \url{https://docs.python.org/2/faq/general.html}. Accessed Sep 7, 2015.}
}

@article{goldberg2007text,
  title={From text to geographic coordinates: the current state of geocoding},
  author={Goldberg, Daniel W and Wilson, John P and Knoblock, Craig A},
  journal={URISA journal},
  volume={19},
  number={1},
  pages={33--46},
  year={2007},
  publisher={Urban and Regional Information Systems Association (URISA)}
}

@article{metamap2010,
  title={An overview of MetaMap: historical perspective and recent advances},
  author={Aronson, Alan R and Lang, Fran{\c{c}}ois-Michel},
  journal={Journal of the American Medical Informatics Association},
  volume={17},
  number={3},
  pages={229--236},
  year={2010},
  publisher={The Oxford University Press}
}

@inproceedings{metamap2000,
  title={Effective mapping of biomedical text to the UMLS Metathesaurus: the MetaMap program.},
  author={Aronson, Alan R},
  booktitle={Proceedings of the AMIA Symposium},
  pages={17},
  year={2001},
  organization={American Medical Informatics Association}
}

@book{eutils,
author={Sayers E.},
chapter={A General Introduction to the E-utilities.},
title={Entrez Programming Utilities Help [Internet]},
publisher={Bethesda (MD): National Center for Biotechnology Information (US)},
year={2010},
note={Available from: \url{http://www.ncbi.nlm.nih.gov/books/NBK25497/}}
}

@article{biopython,
author = {Cock, Peter J. A. and Antao, Tiago and Chang, Jeffrey T. and Chapman, Brad A. and Cox, Cymon J. and Dalke, Andrew and Friedberg, Iddo and Hamelryck, Thomas and Kauff, Frank and Wilczynski, Bartek and de Hoon, Michiel J. L.}, 
title = {Biopython: freely available Python tools for computational molecular biology and bioinformatics},
volume = {25}, 
number = {11}, 
pages = {1422-1423}, 
year = {2009}, 
doi = {10.1093/bioinformatics/btp163}, 
abstract ={Summary: The Biopython project is a mature open source international collaboration of volunteer developers, providing Python libraries for a wide range of bioinformatics problems. Biopython includes modules for reading and writing different sequence file formats and multiple sequence alignments, dealing with 3D macro molecular structures, interacting with common tools such as BLAST, ClustalW and EMBOSS, accessing key online databases, as well as providing numerical methods for statistical learning.Availability: Biopython is freely available, with documentation and source code at www.biopython.org under the Biopython license.Contact: All queries should be directed to the Biopython mailing lists, see www.biopython.org/wiki/_Mailing_listspeter.cock@scri.ac.uk.},
journal = {Bioinformatics} 
}

@misc{mozilla_mvc,
author = {Mozilla Developer Network contributors: chrisdavidmills, brittanystoroz and ChrisL},
note = {Last updated Feb 10, 2015, 5:13:04 AM},
title = {Views and templates}
}

@misc{medlinetrend,
author = {Alexandru Dan Corlan},
title = {Medline trend: automated yearly statistics of PubMed results for any query},
year = {2004},
note = {Web resource at \url{http://dan.corlan.net/medline-trend.html}. Accessed Aug 29, 2015. Archived by WebCite at \url{http://www.webcitation.org/65RkD48SV}}
}

@misc{nature-history,
author={Arran Frood},
title={The History of the Journal Nature},
year={2007},
note = {Web resource at \url{http://www.nature.com/nature/history/timeline_1990s.html}. Accessed Sep 2, 2015.}}

@article{hunter-cohen,
  title={Biomedical language processing: what's beyond PubMed?},
  author={Hunter, Lawrence and Cohen, K Bretonnel},
  journal={Molecular cell},
  volume={21},
  number={5},
  pages={589--594},
  year={2006},
  publisher={Elsevier}
}

@article{dogan,
  title={Understanding PubMed{\textregistered} user search behavior through log analysis},
  author={Dogan, Rezarta Islamaj and Murray, G Craig and N{\'e}v{\'e}ol, Aur{\'e}lie and Lu, Zhiyong},
  journal={Database},
  volume={2009},
  pages={bap018},
  year={2009},
  publisher={Oxford University Press}
}

@article{gopubmed,
  title={GoPubMed: exploring PubMed with the gene ontology},
  author={Doms, Andreas and Schroeder, Michael},
  journal={Nucleic acids research},
  volume={33},
  number={suppl 2},
  pages={W783--W786},
  year={2005},
  publisher={Oxford Univ Press}
}

@article{mas,
  title={Microsoft Academic Search--http://academic. research. microsoft. com},
  author={Hands, Africa},
  journal={Technical Services Quarterly},
  volume={29},
  number={3},
  pages={251--252},
  year={2012},
  publisher={Taylor \& Francis}
}

@article{lizu,
  title={Developing topic-specific search filters for PubMed with click-through data},
  author={Li, Jiao and Lu, Zhiyong and others},
  journal={Methods Inf Med},
  volume={52},
  number={5},
  pages={395--402},
  year={2013}
}
