
@misc{caniuse,
	URL="http://caniuse.com/#feat=svg",
	title={{CanIUse.com, providing browser compatibility information for Scalable Vector Graphics.}},
	author={@Fyrd (\url{http://twitter.com/Fyrd}),
	note={{Accessed 23/08/2015.}},
}
