@article{eck-waltman2,
  title={Software survey: VOSviewer, a computer program for bibliometric mapping},
  author={Van Eck, Nees Jan and Waltman, Ludo},
  journal={Scientometrics},
  volume={84},
  number={2},
  pages={523--538},
  year={2010},
  publisher={Akad{\'e}miai Kiad{\'o}, co-published with Springer Science+ Business Media BV, Formerly Kluwer Academic Publishers BV}
}

@article{eck-waltman1,
  title={Text mining and visualization using VOSviewer},
  author={Van Eck, Nees Jan and Waltman, Ludo},
  journal={ISSI Newsletter},
  volume={7},
  number={3},
  pages={50-54},
  year={2011}
}

@article{doms,
  title={GoPubMed: exploring PubMed with the gene ontology},
  author={Doms, Andreas and Schroeder, Michael},
  journal={Nucleic acids research},
  volume={33},
  number={2},
  pages={W783--W786},
  year={2005},
  publisher={Oxford Univ Press}
}

@article{dogan,
author = {Islamaj Dogan, Rezarta and Murray, G. Craig and Névéol, Aurélie and Lu, Zhiyong}, 
title = {Understanding PubMed® user search behavior through log analysis},
year = {2009}, 
doi = {10.1093/database/bap018},
URL = {http://database.oxfordjournals.org/content/2009/bap018.abstract}, 
journal = {Database} 
}

@misc{mesh,
	title={{Fact Sheet: Medical Subject Headings (MeSH®)}},
	author={{U.S. National Library of Medicine}},
	URL="http://www.nlm.nih.gov/pubs/factsheets/mesh.html",
	year={2013},
	note={{First published 1999}},
}

@inproceedings{hoffart,
  title={Robust disambiguation of named entities in text},
  author={Hoffart, Johannes and Yosef, Mohamed Amir and Bordino, Ilaria and F{\"u}rstenau, Hagen and Pinkal, Manfred and Spaniol, Marc and Taneva, Bilyana and Thater, Stefan and Weikum, Gerhard},
  booktitle={Proceedings of the Conference on Empirical Methods in Natural Language Processing},
  pages={782--792},
  year={2011},
  organization={Association for Computational Linguistics}
}

@misc{nature-news,
      author = {Van Noorden, Richard},
      title = {{The decline and fall of Microsoft Academic Search}},
      year = {2014},
      url = "http://blogs.nature.com/news/2014/05/the-decline-and-fall-of-microsoft-academic-search.html"
}

@misc{microsoft-help,
     title = {{Microsoft Academic Search: Overview}},
      author={{Microsoft Help Center}},
      year="no date",
      note="Date accessed: 02/04/15",
      url = "http://academic.research.microsoft.com/About/Help.htm",
}

@misc{scholar,
	title={scholar.py},
	author="Kreibich, Christian",
	url="https://github.com/ckreibich/scholar.py",
}

@misc{pubmed,
	author={{National Center for Biotechnology Information}},
	title={{PubMed}},
	note="Date accessed: 02/04/15",
     	url = "http://www.ncbi.nlm.nih.gov/pubmed",
}